<?xml version="1.0" encoding="UTF-8"?><record xmlns="http://www.loc.gov/MARC21/slim" xmlns:cinclude="http://apache.org/cocoon/include/1.0" xmlns:zs="http://www.loc.gov/zing/srw/">
  <leader>00393nz  a2200121n  4500</leader>
  <controlfield tag="001">n  89620210 </controlfield>
  <controlfield tag="003">DLC</controlfield>
  <controlfield tag="005">19890405145045.6</controlfield>
  <controlfield tag="008">890405n| acannaab|          |n aad |||  </controlfield>
  <datafield tag="010" ind1=" " ind2=" ">
    <subfield code="a">n  89620210 </subfield>
  </datafield>
  <datafield tag="040" ind1=" " ind2=" ">
    <subfield code="a">DLC</subfield>
    <subfield code="c">DLC</subfield>
  </datafield>
  <datafield tag="100" ind1="1" ind2="0">
    <subfield code="a">Donahue, Dorothy Reydel</subfield>
  </datafield>
  <datafield tag="670" ind1=" " ind2=" ">
    <subfield code="a">nuc89-36682: Her Names and naming in Cervantes' ... 1984</subfield>
    <subfield code="b">(hdg. on NmU rept.: Donahue, Dorothy Reydel; usage: Dorothy Reydel Donahue)</subfield>
  </datafield>
</record>